@inproceedings{coulom2006efficient,
  title={Efficient selectivity and backup operators in Monte-Carlo tree search},
  author={Coulom, R{\'e}mi},
  booktitle={International conference on computers and games},
  pages={72--83},
  year={2006},
  organization={Springer}
}

@inproceedings{gelly2007combining,
  title={Combining online and offline knowledge in UCT},
  author={Gelly, Sylvain and Silver, David},
  booktitle={Proceedings of the 24th international conference on Machine learning},
  pages={273--280},
  year={2007},
  organization={ACM}
}

@inproceedings{baudivs2011pachi,
  title={Pachi: State of the art open source Go program},
  author={Baudi{\v{s}}, Petr and Gailly, Jean-loup},
  booktitle={Advances in computer games},
  pages={24--38},
  year={2011},
  organization={Springer}
}

@article{brockman2016openai,
  title={Openai gym},
  author={Brockman, Greg and Cheung, Vicki and Pettersson, Ludwig and Schneider, Jonas and Schulman, John and Tang, Jie and Zaremba, Wojciech},
  journal={arXiv preprint arXiv:1606.01540},
  year={2016}
}

@article{zhu2016target,
  title={Target-driven visual navigation in indoor scenes using deep reinforcement learning},
  author={Zhu, Yuke and Mottaghi, Roozbeh and Kolve, Eric and Lim, Joseph J and Gupta, Abhinav and Fei-Fei, Li and Farhadi, Ali},
  journal={arXiv preprint arXiv:1609.05143},
  year={2016}
}

@inproceedings{mnih2016asynchronous,
  title={Asynchronous methods for deep reinforcement learning},
  author={Mnih, Volodymyr and Badia, Adria Puigdomenech and Mirza, Mehdi and Graves, Alex and Lillicrap, Timothy and Harley, Tim and Silver, David and Kavukcuoglu, Koray},
  booktitle={International Conference on Machine Learning},
  pages={1928--1937},
  year={2016}
}

@inproceedings{ross2011reduction,
  title={A Reduction of Imitation Learning and Structured Prediction to No-Regret Online Learning.},
  author={Ross, St{\'e}phane and Gordon, Geoffrey J and Bagnell, Drew},
  booktitle={AISTATS},
  volume={1},
  number={2},
  pages={6},
  year={2011}
}

@inproceedings{ho2016generative,
  title={Generative adversarial imitation learning},
  author={Ho, Jonathan and Ermon, Stefano},
  booktitle={Advances in Neural Information Processing Systems},
  pages={4565--4573},
  year={2016}
}

@article{alatartsev2015robotic,
  title={Robotic task sequencing problem: A survey},
  author={Alatartsev, Sergey and Stellmacher, Sebastian and Ortmeier, Frank},
  journal={Journal of Intelligent \& Robotic Systems},
  volume={80},
  number={2},
  pages={279},
  year={2015},
  publisher={Springer Science \& Business Media}
}

@inproceedings{matsumoto1996visual,
  title={Visual navigation using view-sequenced route representation},
  author={Matsumoto, Yoshio and Inaba, Masayuki and Inoue, Hirochika},
  booktitle={Robotics and Automation, 1996. Proceedings., 1996 IEEE International Conference on},
  volume={1},
  pages={83--88},
  year={1996},
  organization={IEEE}
}

@article{duan2017one,
  title={One-Shot Imitation Learning},
  author={Duan, Yan and Andrychowicz, Marcin and Stadie, Bradly and Ho, Jonathan and Schneider, Jonas and Sutskever, Ilya and Abbeel, Pieter and Zaremba, Wojciech},
  journal={arXiv preprint arXiv:1703.07326},
  year={2017}
}

@misc{tensorflow2015-whitepaper,
title={ {TensorFlow}: Large-Scale Machine Learning on Heterogeneous Systems},
url={http://tensorflow.org/},
note={Software available from tensorflow.org},
author={
    Mart\'{\i}n~Abadi and
    Ashish~Agarwal and
    Paul~Barham and
    Eugene~Brevdo and
    Zhifeng~Chen and
    Craig~Citro and
    Greg~S.~Corrado and
    Andy~Davis and
    Jeffrey~Dean and
    Matthieu~Devin and
    Sanjay~Ghemawat and
    Ian~Goodfellow and
    Andrew~Harp and
    Geoffrey~Irving and
    Michael~Isard and
    Yangqing Jia and
    Rafal~Jozefowicz and
    Lukasz~Kaiser and
    Manjunath~Kudlur and
    Josh~Levenberg and
    Dan~Man\'{e} and
    Rajat~Monga and
    Sherry~Moore and
    Derek~Murray and
    Chris~Olah and
    Mike~Schuster and
    Jonathon~Shlens and
    Benoit~Steiner and
    Ilya~Sutskever and
    Kunal~Talwar and
    Paul~Tucker and
    Vincent~Vanhoucke and
    Vijay~Vasudevan and
    Fernanda~Vi\'{e}gas and
    Oriol~Vinyals and
    Pete~Warden and
    Martin~Wattenberg and
    Martin~Wicke and
    Yuan~Yu and
    Xiaoqiang~Zheng},
  year={2015},
}

@inproceedings{szegedy2016rethinking,
  title={Rethinking the inception architecture for computer vision},
  author={Szegedy, Christian and Vanhoucke, Vincent and Ioffe, Sergey and Shlens, Jon and Wojna, Zbigniew},
  booktitle={Proceedings of the IEEE Conference on Computer Vision and Pattern Recognition},
  pages={2818--2826},
  year={2016}
}

@article{levine2015end,
  title={End-to-end training of deep visuomotor policies},
  author={Levine, Sergey and Finn, Chelsea and Darrell, Trevor and Abbeel, Pieter},
  journal={arXiv preprint arXiv:1504.00702},
  year={2015}
}

@article{kober2013reinforcement,
  title={Reinforcement learning in robotics: A survey},
  author={Kober, Jens and Bagnell, J Andrew and Peters, Jan},
  journal={The International Journal of Robotics Research},
  volume={32},
  number={11},
  pages={1238--1274},
  year={2013},
  publisher={SAGE Publications Sage UK: London, England}
}

@article{mnih2015human,
  title={Human-level control through deep reinforcement learning},
  author={Mnih, Volodymyr and Kavukcuoglu, Koray and Silver, David and Rusu, Andrei A and Veness, Joel and Bellemare, Marc G and Graves, Alex and Riedmiller, Martin and Fidjeland, Andreas K and Ostrovski, Georg and others},
  journal={Nature},
  volume={518},
  number={7540},
  pages={529--533},
  year={2015},
  publisher={Nature Research}
}

@inproceedings{levine2013guided,
  title={Guided Policy Search.},
  author={Levine, Sergey and Koltun, Vladlen},
  booktitle={ICML (3)},
  pages={1--9},
  year={2013}
}

@article{hussein2017imitation,
  title={Imitation Learning: A Survey of Learning Methods},
  author={Hussein, Ahmed and Gaber, Mohamed Medhat and Elyan, Eyad and Jayne, Chrisina},
  journal={ACM Computing Surveys (CSUR)},
  volume={50},
  number={2},
  pages={21},
  year={2017},
  publisher={ACM}
}

@article{argall2009survey,
  title={A survey of robot learning from demonstration},
  author={Argall, Brenna D and Chernova, Sonia and Veloso, Manuela and Browning, Brett},
  journal={Robotics and autonomous systems},
  volume={57},
  number={5},
  pages={469--483},
  year={2009},
  publisher={Elsevier}
}

@incollection{billard2008robot,
  title={Robot programming by demonstration},
  author={Billard, Aude and Calinon, Sylvain and Dillmann, Ruediger and Schaal, Stefan},
  booktitle={Springer handbook of robotics},
  pages={1371--1394},
  year={2008},
  publisher={Springer}
}

@article{bojarski2016end,
  title={End to end learning for self-driving cars},
  author={Bojarski, Mariusz and Del Testa, Davide and Dworakowski, Daniel and Firner, Bernhard and Flepp, Beat and Goyal, Prasoon and Jackel, Lawrence D and Monfort, Mathew and Muller, Urs and Zhang, Jiakai and others},
  journal={arXiv preprint arXiv:1604.07316},
  year={2016}
}

@inproceedings{ng2000algorithms,
  title={Algorithms for inverse reinforcement learning.},
  author={Ng, Andrew Y and Russell, Stuart J and others},
  booktitle={Icml},
  pages={663--670},
  year={2000}
}

@inproceedings{ross2010efficient,
  title={Efficient Reductions for Imitation Learning.},
  author={Ross, St{\'e}phane and Bagnell, Drew},
  booktitle={AISTATS},
  volume={3},
  number={2},
  pages={3--5},
  year={2010}
}

@book{sutton1998reinforcement,
  title={Reinforcement learning: An introduction},
  author={Sutton, Richard S and Barto, Andrew G},
  volume={1},
  number={1},
  year={1998},
  publisher={MIT press Cambridge}
}

@article{li2017deep,
  title={Deep reinforcement learning: An overview},
  author={Li, Yuxi},
  journal={arXiv preprint arXiv:1701.07274},
  year={2017}
}

@article{bonin2008visual,
  title={Visual navigation for mobile robots: A survey},
  author={Bonin-Font, Francisco and Ortiz, Alberto and Oliver, Gabriel},
  journal={Journal of intelligent and robotic systems},
  volume={53},
  number={3},
  pages={263},
  year={2008},
  publisher={Springer}
}

@article{silver2016mastering,
  title={Mastering the game of Go with deep neural networks and tree search},
  author={Silver, David and Huang, Aja and Maddison, Chris J and Guez, Arthur and Sifre, Laurent and Van Den Driessche, George and Schrittwieser, Julian and Antonoglou, Ioannis and Panneershelvam, Veda and Lanctot, Marc and others},
  journal={Nature},
  volume={529},
  number={7587},
  pages={484--489},
  year={2016},
  publisher={Nature Publishing Group}
}

@article{silver2017masteringalphagozero,
  title={Mastering the game of go without human knowledge},
  author={Silver, David and Schrittwieser, Julian and Simonyan, Karen and Antonoglou, Ioannis and Huang, Aja and Guez, Arthur and Hubert, Thomas and Baker, Lucas and Lai, Matthew and Bolton, Adrian and others},
  journal={Nature},
  volume={550},
  number={7676},
  pages={354},
  year={2017},
  publisher={Nature Publishing Group}
}

@article{silver2017masteringalphazero,
  title={Mastering chess and shogi by self-play with a general reinforcement learning algorithm},
  author={Silver, David and Hubert, Thomas and Schrittwieser, Julian and Antonoglou, Ioannis and Lai, Matthew and Guez, Arthur and Lanctot, Marc and Sifre, Laurent and Kumaran, Dharshan and Graepel, Thore and others},
  journal={arXiv preprint arXiv:1712.01815},
  year={2017}
}

@article{borenstein1989real,
  title={Real-time obstacle avoidance for fast mobile robots},
  author={Borenstein, Johann and Koren, Yoram},
  journal={IEEE Transactions on systems, man, and cybernetics},
  volume={19},
  number={5},
  pages={1179--1187},
  year={1989},
  publisher={IEEE}
}

@article{kim1999symbolic,
  title={Symbolic navigation with a generic map},
  author={Kim, Dongsung and Nevatia, Ramakant},
  journal={Autonomous Robots},
  volume={6},
  number={1},
  pages={69--88},
  year={1999},
  publisher={Springer}
}

@inproceedings{dayoub2013vision,
  title={Vision-only autonomous navigation using topometric maps},
  author={Dayoub, Feras and Morris, Timothy and Upcroft, Ben and Corke, Peter},
  booktitle={Intelligent robots and systems (IROS), 2013 IEEE/RSJ international conference on},
  pages={1923--1929},
  year={2013},
  organization={IEEE}
}

@article{wooden2006guide,
  title={A guide to vision-based map building},
  author={Wooden, David},
  journal={IEEE Robotics \& Automation Magazine},
  volume={13},
  number={2},
  pages={94--98},
  year={2006},
  publisher={IEEE}
}

@inproceedings{de2014active,
  title={Active sensing for dynamic, non-holonomic, robust visual servoing},
  author={De, Avik and Bayer, Karl S and Koditschek, Daniel E},
  booktitle={Robotics and Automation (ICRA), 2014 IEEE International Conference on},
  pages={6192--6198},
  year={2014},
  organization={IEEE}
}

@article{saeedi2006vision,
  title={Vision-based 3-D trajectory tracking for unknown environments},
  author={Saeedi, Parvaneh and Lawrence, Peter D and Lowe, David G},
  journal={IEEE transactions on robotics},
  volume={22},
  number={1},
  pages={119--136},
  year={2006},
  publisher={IEEE}
}

@software{infogailsrc,
	Author = {Yunzhu Li and Jiaming Song and Stefano Ermon},
  note = {https://github.com/YunzhuLi/InfoGAIL},
}

@software{gailsrc,
  author={Ho, Jonathan and Ermon, Stefano},
  note = {https://github.com/openai/imitation},
}

@software{cs231na3,
  author={{Stanford CS231N staff}},
  note= {http://cs231n.github.io/}
}

@software{icra2017vn,
  author={Zhu, Yuke},
  note= {https://github.com/caomw/icra2017-visual-navigation},
  url= {https://github.com/caomw/icra2017-visual-navigation},
}
@article{li17inferring,
	Author = {Yunzhu Li and Jiaming Song and Stefano Ermon},
	Title = {Inferring The Latent Structure of Human Decision-Making from Raw Visual Inputs},
	Journal = {arXiv preprint arXiv:1703.08840},
	Year = {2017}
}

@inproceedings{goodfellow2014generative,
  title={Generative adversarial nets},
  author={Goodfellow, Ian and Pouget-Abadie, Jean and Mirza, Mehdi and Xu, Bing and Warde-Farley, David and Ozair, Sherjil and Courville, Aaron and Bengio, Yoshua},
  booktitle={Advances in neural information processing systems},
  pages={2672--2680},
  year={2014}
}

@article{gulrajani2017improved,
  title={Improved training of wasserstein gans},
  author={Gulrajani, Ishaan and Ahmed, Faruk and Arjovsky, Martin and Dumoulin, Vincent and Courville, Aaron},
  journal={arXiv preprint arXiv:1704.00028},
  year={2017}
}

@inproceedings{schulman2015trust,
  title={Trust region policy optimization},
  author={Schulman, John and Levine, Sergey and Abbeel, Pieter and Jordan, Michael and Moritz, Philipp},
  booktitle={Proceedings of the 32nd International Conference on Machine Learning (ICML-15)},
  pages={1889--1897},
  year={2015}
}

@Misc{scipy,
  author =    {Eric Jones and Travis Oliphant and Pearu Peterson and others},
  title =     {{SciPy}: Open source scientific tools for {Python}},
  year =      {2001--},
  url = "http://www.scipy.org/",
  note = {[Online; accessed <today>]}
}

@Misc{FoxGoServer,
  author =  {FoxGoWebsite},
  title =  {http://www.foxwq.com/},
  url = "http://www.foxwq.com/",
}
